@article{Desjarlais-PRB08,
	title = {Thermophysical properties of warm dense hydrogen using quantum molecular dynamics simulations},
	author = {Holst, Bastian and Redmer, Ronald and Desjarlais, Michael P.},
	journal = {Phys. Rev. B},
	volume = {77},
	issue = {18},
	pages = {184201},
	numpages = {7},
	year = {2008},
	month = {May},
	publisher = {American Physical Society},
	doi = {10.1103/PhysRevB.77.184201}
}

@article{Pierleoni-PNAS16,
	author = {Pierleoni, Carlo and Morales, Miguel A. and Rillo, Giovanni and Holzmann, Markus and Ceperley, David M.}, 
	title = {Liquid-liquid phase transition in hydrogen by coupled electron-ion Monte Carlo simulations},
	volume = {113}, 
	number = {18}, 
	pages = {4953-4957}, 
	year = {2016}, 
	doi = {10.1073/pnas.1603853113}, 
	journal = {Proceedings of the National Academy of Sciences} 
}


@article{Hansen-PRA81,
	Author = {Hansen, J. P. and McDonald, I. R.},
	Title = {Microscopic simulation of a strongly coupled hydrogen plasma},
	Journal = {Phys.\ Rev.\ A.},
	Volume = {23},
	Pages = {2041-2059},
	Year = {1981},
	Language = {english}
}


@article{Pschiwul-JPA03,
	Author = {Pschiwul, T. and Zwicknagel, G.},
	Title = {Numerical simulation of the dynamic structure factor of a two-component model plasma},
	Journal = {J.\ Phys.\ A},
	Volume = {36},
	Pages = {6251-6258},
	Year = {2003},
	Language = {english}
}

@article{Zwicknagel-CPP03,
	title={Dynamic response of two-component model plasmas},
	author={Zwicknagel, G and Pschiwul, Th},
	journal={Contrib.\ Plasma Phys.},
	volume={43},
	number={5-6},
	pages={393--397},
	year={2003},
	publisher={Wiley Online Library}
}

@article{Filinov-JPA03-Kelbg,
	title={Improved Kelbg potential for correlated Coulomb systems},
	author={Filinov, AV and Bonitz, M and Ebeling, W},
	journal={J.\ Phys.\ A},
	volume={36},
	number={22},
	pages={5957},
	year={2003},
	publisher={IOP Publishing}
}

@article{Murillo-PRL09,
	Author = {Benedict, L. X. and Glosli, J. N. and Richards, D. F. and Streitz, F. H.
	and Hau-Riege, S. P. and London, R. A. and Graziani, F. R. and Murillo, M. S. and Benage, J. F.},
	Title = {Molecular Dynamics Simulations of Electron-Ion Temperature Equilibration in an SF${}_6$ Plasma},
	Journal = {Phys.\ Rev.\ Lett.},
	Volume = {102},
	Pages = {205004},
	Year = {2009},
	Language = {english}
}

@article{NM-JETP05,
	Author = {I. V.  Morozov and G. E. Norman},
	Title = {Collisions and plasma waves in nonideal plasmas},
	Journal = {J.\ Exp.\ Theor.\ Phys.},
	Volume = {100},
	Number = {2},
	Pages = {370--384},
	Year = {2005},
	Language = {english}
}


@article{RRRM-PRE11,
	Author = {Raitza, T. and R{\"o}pke, G. and Reinholz, H. and Morozov, I.},
	Title = {Spatially resolved dynamic structure factor of finite systems from molecular dynamics simulations},
	Journal = {Phys.\ Rev.\ E},
	Volume = {84},
	Pages = {036406},
	Year = {2011},
	Language = {english}
}


@article{BLLMNS-TVT14,
	author={Bystryi, R.G. and Lavrinenko, Ya.S. and Lankin, A.V. and Morozov, I.V. and Norman, G.E. and Saitov, I.M.},
	title={Pressure fluctuations in nonideal nondegenerate plasma},
	year={2014},
	journal={High Temperature},
	volume={52},
	number={4},
	doi={10.1134/S0018151X14040063},
	publisher={Pleiades Publishing},
	pages={475-482},
	language={English}
}

@article{BM-JPB15,
	author={Roman G Bystryi and Igor V Morozov},
	title={Electronic oscillations in ionized sodium nanoclusters},
	journal={J.\ Phys.\ B},
	volume={48},
	number={1},
	pages={015401},
	year={2015}
}


@article{MV-JPCS15,
	author={I A Valuev and I V Morozov},
	title={Extension of the wave packet molecular dynamics method towards the accurate quantum simulations of electron dynamics},
	journal={Journal of Physics: Conference Series},
	volume={653},
	number={1},
	pages={012153},
	year={2015}
}

@article{LMV_CPP16,
	title={Reflecting Boundary Conditions for Classical and Quantum Molecular Dynamics Simulations of Nonideal Plasmas},
	author={Lavrinenko, YS and Morozov, IV and Valuev, IA},
	journal={Contributions to Plasma Physics},
	volume={56},
	number={5},
	pages={448--458},
	year={2016},
	publisher={Wiley Online Library}
}


@article{Knaup-JPA03,
	Author = {M. Knaup and P.-G. Reinhard and C. Toepffer and G. Zwicknagel},
	Title = {Wave packet molecular dynamics simulations of warm dense hydrogen},
	Journal = {J.\ Phys.\ A},
	Volume = {36},
	Pages = {6165–-6171},
	Year = {2003},
	Language = {english}
}

@article{Zwick-JPA06,
	Author = {G. Zwicknagel and T. Pschiwul},
	Title = {WPMD simulations of a two-component plasma},
	Journal = {J.\ Phys.\ A},
	Volume = {39},
	Pages = {4359–-4364},
	Year = {2006},
	Language = {english}
}

@article{Su-PRL07,
	Author = {J. T. Su and W. A. {Goddard III}},
	Title = {Excited Electron Dynamics Modeling of Warm Dense Matter},
	Journal = {Phys.\ Rev.\ Lett.},
	Volume = {99},
	Pages = {185003},
	Year = {2007},
	Language = {english}
}


@article{Jakob-JPA09,
	Author = {B. Jakob and P.-G. Reinhard and C. Toepffer and G. Zwicknagel},
	Title = {Wave packet simulations for the insulator–metal transition in dense hydrogen},
	Journal = {J.\ Phys.\ A},
	Volume = {42},
	Pages = {214055},
	Year = {2009},
	Language = {english}
}

@article{Graziani-HEDP12,
	title={Large-scale molecular dynamics simulations of dense plasmas: The Cimarron Project},
	author={Graziani, Frank R and Batista, Victor S and Benedict, Lorin X and Castor, John I and Chen, Hui and Chen, Sophia N and Fichtl, Chris A and Glosli, James N and Grabowski, Paul E and Graf, Alexander T and others},
	journal={High Energy Density Physics},
	volume={8},
	number={1},
	pages={105--131},
	year={2012},
	publisher={Elsevier}
}


@article{saalmann2013spatial,
	title={Spatial correlations in finite samples revealed by Coulomb explosion},
	author={Saalmann, Ulf and Mikaberidze, Alexey and Rost, Jan M},
	journal={Phys.\ Rev.\ Lett.},
	volume={110},
	number={13},
	pages={133401},
	year={2013},
	publisher={APS}
}

@article{filinov2004thermodynamic,
	title={Thermodynamic properties and plasma phase transition in dense hydrogen},
	author={Filinov, VS and Bonitz, M and Fortov, VE and Ebeling, W and Levashov, P and Schlanges, M},
	journal={Contributions to Plasma Physics},
	volume={44},
	number={5-6},
	pages={388--394},
	year={2004},
	publisher={Wiley Online Library}
}

@article{Filinov-PPCF01,
	title={Thermodynamics of hot dense H-plasmas: path integral Monte Carlo simulations and analytical approximations},
	author={Filinov, VS and Bonitz, M and Ebeling, W and Fortov, VE},
	journal={Plasma Physics and Controlled Fusion},
	volume={43},
	number={6},
	pages={743},
	year={2001},
	publisher={IOP Publishing}
}


@article{militzer2001path,
	title={Path integral Monte Carlo simulation of the low-density hydrogen plasma},
	author={Militzer, B and Ceperley, DM},
	journal={Physical Review E},
	volume={63},
	number={6},
	pages={066404},
	year={2001},
	publisher={APS}
}


@article{ceperley1995path,
	title={Path integrals in the theory of condensed helium},
	author={Ceperley, David M},
	journal={Reviews of Modern Physics},
	volume={67},
	number={2},
	pages={279},
	year={1995},
	publisher={APS}
}


@article{Zwicknagel-CPP03,
	title={Dynamic response of two-component model plasmas},
	author={Zwicknagel, G and Pschiwul, Th},
	journal={Contrib.\ Plasma Phys.},
	volume={43},
	number={5-6},
	pages={393--397},
	year={2003},
	publisher={Wiley Online Library}
}


@article{Feldmeier_RMP00,
	Author = {Hans Feldmeier and J\"urgen Schnack},
	Title = {Molecular dynamics for fermions},
	Journal = {Rev.\ Mod.\ Phys.},
	Volume = {72},
	Number = {3},
	Pages = {655-688},
	Year = {2000},
	Language = {english}
}

@article{Frost-JCP67,
	Author = {Arthur A. Frost},
	Title = {Floating Spherical Gaussian Orbital Model of Molecular Structure. I. Computational
	Procedure. LiH as an Example},
	Journal = {J. Chem.\ Phys.},
	Volume = {47},
	Number = {10},
	Pages = {3707-3713},
	Year = {1967},
	Language = {english}
}

@article{MV-JPA09,
	Author = {I. V. Morozov and I. A. Valuev},
	Title = {Localization constraints in Gaussian wave packet molecular dynamics of nonideal plasmas},
	Journal = {J.\ Phys.\ A},
	Volume = {42},
	Pages = {214044},
	Year = {2009},
	Language = {english}
}


@book{bertsch1994oscillations,
	title={Oscillations in finite quantum systems},
	author={Bertsch, George F and Broglia, Ricardo A},
	year={1994},
	publisher={Cambridge University Press}
}

@article{MRRWZ-PRE05,
	Author = {Morozov, I. and Reinholz, H. and R{\"o}pke, G. and Wierling, A. and Zwicknagel, G.},
	Title = {Molecular dynamics simulations of optical conductivity of dense plasmas},
	Journal = {Phys.\ Rev.\ E},
	Volume = {71},
	Pages = {066408},
	Year = {2005},
	Language = {english}
}
