@article{marx1996ab,
	title={Ab initio path integral molecular dynamics: Basic ideas},
	author={Marx, Dominik and Parrinello, Michele},
	journal={The Journal of chemical physics},
	volume={104},
	number={11},
	pages={4077--4082},
	year={1996},
	publisher={AIP}
}

@book{allen1989computer,
	title={Computer simulation of liquids},
	author={Allen, Mike P and Tildesley, Dominic J},
	year={1989},
	publisher={Oxford university press}
}

@article{cao1996adiabatic,
	title={Adiabatic path integral molecular dynamics methods. II. Algorithms},
	author={Cao, J and Martyna, GJ},
	journal={The Journal of chemical physics},
	volume={104},
	number={5},
	pages={2028--2035},
	year={1996},
	publisher={AIP}
}

@article{Hansen-PRA81,
  title={Microscopic simulation of a strongly coupled hydrogen plasma},
  author={Hansen, J.P. and McDonald, I.Ri.},
  journal={Physical Review A},
  volume={23},
  number={4},
  pages={2041},
  year={1981},
  publisher={APS}
}

@article{filinov2003improved,
	title={Improved Kelbg potential for correlated Coulomb systems},
	author={Filinov, AV and Bonitz, M and Ebeling, W},
	journal={Journal of Physics A: Mathematical and General},
	volume={36},
	number={22},
	pages={5957},
	year={2003},
	publisher={IOP Publishing}
}

@article{su2007excited,
	title={Excited electron dynamics modeling of warm dense matter},
	author={Su, Julius T and Goddard III, William A},
	journal={Physical review letters},
	volume={99},
	number={18},
	pages={185003},
	year={2007},
	publisher={APS}
}

@book{frenkel2001understanding,
  title={Understanding molecular simulation: from algorithms to applications},
  author={Frenkel, D. and Smit, B.},
  volume={1},
  year={2001},
  publisher={Academic press}
}

@book{sutmann2002classical,
  title={Classical molecular dynamics},
  author={Sutmann, G.},
  volume={10},
  year={2002},
  publisher={Citeseer}
}

@article{gibbon2002long,
  title={Long-range interactions in many-particle simulation},
  author={Gibbon, P. and Sutmann, G.},
  journal={Quantum simulations of many-body systems: from theory to algorithm. Eds. J. Grotendorst, D. Marx and A. Muramatsu. NIC-series},
  volume={10},
  pages={467--506},
  year={2002}
}
@article{bystryi2015electronic,
  title={Electronic oscillations in ionized sodium nanoclusters},
  author={Bystryi, R.G. and Morozov, I.V.},
  journal={Journal of Physics B: Atomic, Molecular and Optical Physics},
  volume={48},
  number={1},
  pages={015401},
  year={2015},
  publisher={IOP Publishing}
}

@book{heerman1990method,
  title={Методы компьютерного эксперимента в теоретической физике},
  author={Хеерман Д.В.},
  language = {russian},
  year={1990},
  pages={176},
  publisher={Наука}
}

@book{boreskov2013basic,
  title={Основы работы с технологией CUDA},
  author={Боресков, А.В. and Харламов, А.А.},
  language = {russian},
  year={2013},
  pages={232},
  publisher={Directmedia}
}

@article{kazennov,
  title={Основы технологии CUDA},
  author={Казённов, А.М.},
  journal={Компьютерные исследования и моделирование},
  language = {russian},
  year={2010},
  volume={2},
  number={3},
  pages={295-308}
}

@article{morozov2011molecular,
  title={Molecular dynamics simulations of the relaxation processes in the condensed matter on GPUs},
  author={Morozov, I.V. and Kazennov, A.M. and Bystryi, R.G. and Norman, G.E. and Pisarev, V.V. and Stegailov, V.V.},
  journal={Computer Physics Communications},
  volume={182},
  number={9},
  pages={1974--1978},
  year={2011},
  publisher={Elsevier}
}

@article{kelbg1964theorie,
  title={Zur theorie des mikrofeldes im plasma},
  author={Kelbg, G.},
  journal={Annalen der Physik},
  volume={468},
  number={7-8},
  pages={385--394},
  year={1964},
  publisher={Wiley Online Library}
}

@book{Zelener1981theor,
  title={Теория возмущений и псевдопотенциал в статистической термодинамике},
  author={Зеленер, Б.В. and Норман, Г.Э. and Филинов, В.С.},
  language = {russian},
  year={1981},
  pages={186},
  publisher={Наука}
}

@article{lavrinenko2016reflecting,
	title={Reflecting Boundary Conditions for Classical and Quantum Molecular Dynamics Simulations of Nonideal Plasmas},
	author={Lavrinenko, YS and Morozov, IV and Valuev, IA},
	journal={Contributions to Plasma Physics},
	volume={56},
	number={5},
	pages={448--458},
	year={2016},
	publisher={Wiley Online Library}
}

@book{Fisher1961stat,
  title={Статистическая теория жидкости},
  author={Фишер, И.Э.},
  year={1961},
  pages={280},
  language = {russian},
  publisher={Государственное издательство физико-математической литературы}
}

@article{BLLMNS-TVT14,
  author={Bystryi, R.G. and Lavrinenko, Ya.S. and Lankin, A.V. and Morozov, I.V. and Norman, G.E. and Saitov, I.M.},
  title={Pressure fluctuations in nonideal nondegenerate plasma},
  year={2014},
  journal={High Temperature},
  volume={52},
  number={4},
  pages={475-482},
  language={English}
}

@article{Morozov2005Stolknoveniya,
  title={Столкновения и плазменные волны в неидеальной плазме},
  author={Морозов, И.В. and Норман, Г.Э.},
  journal={Журнал экспериментальной и теоретической физики},
  language = {russian},
  volume={127},
  number={2},
  pages={412--430},
  year={2005}
}

@article{Norman1987eq,
  title={Уравнения состояния и ионизационного равновесия недебаевской плазмы},
  author={Каклюгин, А.С. and Норман, Г.Э.},
  journal={Теплофизика высоких температур},
  language = {russian},
  volume={25},
  number={2},
  pages={209--217},
  year={1987},
  publisher={Российская академия наук, Отделение энергетики, машиностроения, механики и процессов управления}
}

@article{klakow1994semiclassical,
  title={Semiclassical molecular dynamics for strongly coupled Coulomb systems},
  author={Klakow, D. and Toepffer, Ch. and Reinhard, P.G.},
  journal={The Journal of chemical physics},
  volume={101},
  number={12},
  pages={10766--10774},
  year={1994},
  publisher={AIP Publishing}
}

@article{knaup2003wave,
	title={Wave packet molecular dynamics simulations of warm dense hydrogen},
	author={Knaup, M and Reinhard, PG and Toepffer, C and Zwicknagel, G},
	journal={Journal of Physics A: Mathematical and General},
	volume={36},
	number={22},
	pages={6165},
	year={2003},
	publisher={IOP Publishing}
}

@article{su2007excited,
	title={Excited electron dynamics modeling of warm dense matter},
	author={Su, Julius T and Goddard III, William A},
	journal={Physical review letters},
	volume={99},
	number={18},
	pages={185003},
	year={2007},
	publisher={APS}
}

@article{graziani2012large,
	title={Large-scale molecular dynamics simulations of dense plasmas: The Cimarron Project},
	author={Graziani, Frank R and Batista, Victor S and Benedict, Lorin X and Castor, John I and Chen, Hui and Chen, Sophia N and Fichtl, Chris A and Glosli, James N and Grabowski, Paul E and Graf, Alexander T and others},
	journal={High Energy Density Physics},
	volume={8},
	number={1},
	pages={105--131},
	year={2012},
	publisher={Elsevier}
}

@article{morozov2012improvement,
  title={Improvement of Wave Packet Molecular Dynamics Using Packet Splitting},
  author={Morozov, I.V. and Valuev, I.A.},
  journal={Contributions to Plasma Physics},
  volume={52},
  number={2},
  pages={140--144},
  year={2012},
  publisher={Wiley Online Library}
}

@article{Mayorov1994meth,
  title={Метастабилъная переохлажденная плазма},
  author={Майоров, С.А. and Ткачев, A.Н. and Яковленко, С.И.},
  journal={Успехи физических наук},
  language = {russian},
  volume={164},
  number={3},
  pages={297--307},
  year={1994}
}

@article{Morozov1998leng,
	title={Ленгмюровские волны и ионный звук в неидеальной плазме. Молекулярно-динамический расчет},
	author={Морозов И.В., Норман Г.Э.},
	language = {russian},
	journal={ДАН},
	volume={43},
	pages={608},
	year={1998}
}

@article{millat2003dynamic,
  title={Dynamic collision frequency for a two-component plasma},
  author={Millat, Th. and Selchow, A. and Wierling, A. and Reinholz, H. and Redmer, R. and R{\"o}pke, G.},
  journal={Journal of Physics A: Mathematical and General},
  volume={36},
  number={22},
  pages={6259},
  year={2003}
}

@article{morozov2009localization,
  title={Localization constraints in Gaussian wave packet molecular dynamics of nonideal plasmas},
  author={Morozov, I.V. and Valuev, I.A.},
  journal={Journal of Physics A: Mathematical and Theoretical},
  volume={42},
  number={21},
  pages={214044},
  year={2009},
  publisher={IOP Publishing}
}

@article{Belkacem2006Coulomb,
  title = {Coulomb explosion of simple metal clusters in intense laser fields},
  author = {Belkacem, M. and Megi, F. and Reinhard, P.-G. and Suraud, E. and Zwicknagel, G.},
  journal = {Phys. Rev. A},
  volume = {73},
  issue = {5},
  pages = {051201},
  numpages = {4},
  year = {2006},
  month = {May},
  publisher = {American Physical Society},
  doi = {10.1103/PhysRevA.73.051201},
  url = {http://link.aps.org/doi/10.1103/PhysRevA.73.051201}
}

@article{murillo2006ultrafast,
  title={Ultrafast dynamics of strongly coupled plasmas},
  author={Murillo, M.S.},
  journal={Physical review letters},
  volume={96},
  number={16},
  pages={165001},
  year={2006},
  publisher={APS}
}

@article{Lankin2008stolknovitelnaya,
  title={Столкновительная рекомбинация в неидеальной плазме},
  author={Ланкин, А.В.},
  journal={Журнал экспериментальной и теоретической физики},
  language = {russian},
  volume={134},
  number={5},
  pages={1013--1023},
  year={2008},
  publisher={Академиздатцентр" Наука" РАН}
}

@article{raitza2011spatially,
  title={Spatially resolved dynamic structure factor of finite systems from molecular dynamics simulations},
  author={Raitza, T. and R{\"o}pke, G. and Reinholz, H. and Morozov, I.},
  journal={Physical Review E},
  volume={84},
  number={3},
  pages={036406},
  year={2011},
  publisher={APS}
}

@article{grabowski2013wave,
  title={Wave packet spreading and localization in electron-nuclear scattering},
  author={Grabowski, P.E. and Markmann, A. and Morozov, I.V. and Valuev, I.A. and Fichtl, C.A. and Richards, D.F. and Batista, V.S. and Graziani, F.R. and Murillo, M.S.},
  journal={Physical Review E},
  volume={87},
  number={6},
  pages={063104},
  year={2013},
  publisher={APS}
}

@article{Belkacem2006molecular,
	year={2006},
	issn={1434-6060},
	journal={The European Physical Journal D - Atomic, Molecular, Optical and Plasma Physics},
	volume={40},
	number={2},
	doi={10.1140/epjd/e2006-00150-y},
	title={A molecular dynamics description of clusters in strong laser fields},
	url={http://dx.doi.org/10.1140/epjd/e2006-00150-y},
	publisher={EDP Sciences},
	keywords={36.40.-c Atomic and molecular clusters; 02.70.Ns Molecular dynamics and particle methods},
	author={Belkacem, M. and Megi, F. and Reinhard, P.-G. and Suraud, E. and Zwicknagel, G.},
	pages={247-255},
	language={English}
}

﻿@article {Winkel2013Spatially,
	author = {Winkel, M. and Gibbon, P.},
	title = {Spatially Resolved Electronic Correlations in Nanoclusters},
	journal = {Contributions to Plasma Physics},
	volume = {53},
	number = {4-5},
	publisher = {WILEY-VCH Verlag},
	issn = {1521-3986},
	url = {http://dx.doi.org/10.1002/ctpp.201200097},
	doi = {10.1002/ctpp.201200097},
	pages = {254--262},
	keywords = {MD simulations, nano clusters, correlation functions, spatially resolved},
	year = {2013},
}

@article{maiorov2014computation,
  title={Computation of temperature and pressure fluctuations in the Coulomb system},
  author={Maiorov, S.A.},
  journal={High Temperature},
  volume={52},
  number={4},
  pages={609--611},
  year={2014},
  publisher={Springer}
}

@article{Lammps,
  title={Fast parallel algorithms for short-range molecular dynamics},
  author={Plimpton, S.},
  journal={Journal of computational physics},
  volume={117},
  number={1},
  pages={1--19},
  year={1995},
  publisher={Elsevier}
}

@article{LammpsLong,
	title = "Implementing molecular dynamics on hybrid high performance computers – Particle–particle particle-mesh ",
	journal = "Computer Physics Communications ",
	volume = "183",
	number = "3",
	pages = "449 - 459",
	year = "2012",
	note = "",
	issn = "0010-4655",
	doi = "http://dx.doi.org/10.1016/j.cpc.2011.10.012",
	url = "http://www.sciencedirect.com/science/article/pii/S0010465511003444",
	author = "W. Michael Brown and Axel Kohlmeyer and Steven J. Plimpton and Arnold N. Tharrington",
	keywords = "Molecular dynamics",
}

@article{PhysRevE.71.066408,
  title = {Molecular dynamics simulations of optical conductivity of dense plasmas},
  author = {Morozov, I. and Reinholz, H. and R\"opke, G. and Wierling, A. and Zwicknagel, G.},
  journal = {Phys. Rev. E},
  volume = {71},
  issue = {6},
  pages = {066408},
  numpages = {12},
  year = {2005},
  month = {Jun},
  publisher = {American Physical Society},
  doi = {10.1103/PhysRevE.71.066408},
  url = {http://link.aps.org/doi/10.1103/PhysRevE.71.066408}
}


@article{LammpsShort,
	title = "Fragment Molecular Orbital Method Adaptations for Heterogeneous Computing Platforms ",
	journal = "Procedia Computer Science ",
	volume = "9",
	number = "0",
	pages = "489 - 497",
	year = "2012",
	note = "Proceedings of the International Conference on Computational Science, \{ICCS\} 2012 ",
	issn = "1877-0509",
	doi = "http://dx.doi.org/10.1016/j.procs.2012.04.052",
	url = "http://www.sciencedirect.com/science/article/pii/S1877050912001731",
	author = "Sai Kiran Talamudupula and Masha Sosonkina and Alexander Gaenko and Michael W. Schmidt",
	keywords = "Fragment Molecular Orbital method",
}

@book{hill1960introduction,
	title={An introduction to statistical thermodynamics},
	author={Hill, Terrell L},
	year={1960},
	publisher={Courier Corporation}
}

@book{feiman2013,
	title={Квантовая механика и интегралы по траекториям},
	author={Фейнман, Р},
	year={2013},
	publisher={Рипол Классик}
}

@book{Zamalin77,
	title={Метод Монте-Карло в статистиче ской термодинамике},
	author={Замалин, ВM and Норман, ГЭ and Филинов, ВС},
	year={1977},
	publisher={М.: Наука}
}

@book{binder1996monte,
	title={Monte Carlo and molecular dynamics of condensed matter systems},
	author={Binder, Kurt and Ciccotti, Giovanni},
	volume={49},
	year={1996},
	publisher={Compositori}
}

@article{filinov2003plasma,
	title={Plasma phase transition in dense hydrogen and electron--hole plasmas},
	author={Filinov, VS and Bonitz, M and Levashov, P and Fortov, VE and Ebeling, W and Schlanges, M and Koch, SW},
	journal={Journal of Physics A: Mathematical and General},
	volume={36},
	number={22},
	pages={6069},
	year={2003},
	publisher={IOP Publishing}
}

@article{militzer2000path,
	title={Path integral Monte Carlo calculation of the deuterium Hugoniot},
	author={Militzer, B and Ceperley, DM},
	journal={Physical review letters},
	volume={85},
	number={9},
	pages={1890},
	year={2000},
	publisher={APS}
}

@article{militzer2000variational,
	title={Variational density matrix method for warm, condensed matter: Application to dense hydrogen},
	author={Militzer, Burkhard and Pollock, EL},
	journal={Physical Review E},
	volume={61},
	number={4},
	pages={3470},
	year={2000},
	publisher={APS}
}

@article{ceperley1995path,
	title={Path integrals in the theory of condensed helium},
	author={Ceperley, David M},
	journal={Reviews of Modern Physics},
	volume={67},
	number={2},
	pages={279},
	year={1995},
	publisher={APS}
}

@article{filinov1976influence,
	title={Influence of plasma imperfection on electron degeneration},
	author={Filinov, VS},
	journal={Teplofizika Vysokikh Temperatur},
	volume={14},
	pages={245--253},
	year={1976}
}

@article{lankin2009crossover,
	title={Crossover from bound to free states in plasmas},
	author={Lankin, Alexander V and Norman, Genri E},
	journal={Journal of Physics A: Mathematical and Theoretical},
	volume={42},
	number={21},
	pages={214032},
	year={2009},
	publisher={IOP Publishing}
}

@article{filinov1975high,
	title={High Temperature 13 1065 Filinov VS 1976},
	author={Filinov, VS},
	journal={High Temperature},
	volume={14},
	pages={225},
	year={1975}
}

@article{filinov2004thermodynamic,
	title={Thermodynamic properties and plasma phase transition in dense hydrogen},
	author={Filinov, VS and Bonitz, M and Fortov, VE and Ebeling, W and Levashov, P and Schlanges, M},
	journal={Contributions to Plasma Physics},
	volume={44},
	number={5-6},
	pages={388--394},
	year={2004},
	publisher={Wiley Online Library}
}

@book{berne1998classical,
	title={Classical and quantum dynamics in condensed phase simulations},
	author={Berne, Bruce J and Ciccotti, Giovanni and Coker, David F},
	year={1998},
	publisher={World Scientific}
}

@book{kalman1998strongly,
	title={Strongly coupled Coulomb systems},
	author={Kalman, Gabor J and Rommel, J Martin and Blagoev, Krastan and Blagoev, Kastan},
	year={1998},
	publisher={Springer Science \& Business Media}
}

@article{fillinov1973,
	title={Учет вырождения электронов в псевдопотенциальной модели неидеальной плазмы},
	author={Филинов, ВС},
	journal={Теплофизика высоких температур},
	volume={11},
	number={4},
	pages={871--874},
	year={1973}
}

@article{zamalin1973,
	title={Методе Монте-Карло в фейнмановской формулировке квантовой статистики},
	author={Замалин, В М and Норман, Генри Эдгарович},
	journal={Журнал вычислительной математики и математической физики},
	volume={13},
	number={2},
	pages={408--420},
	year={1973},
	publisher={Российская академия наук, Отделение математических наук}
}

@article{filinov1975,
	title={Псевдопотенциальная модель неидеальной вырожденной плазмы},
	author={Филинов, Владимир Сергеевич},
	journal={Теплофизика высоких температур},
	volume={13},
	number={2},
	pages={251--263},
	year={1975},
	publisher={Российская академия наук, Отделение энергетики, машиностроения, механики и процессов управления}
}

@article{chachiyo2017simple,
	title={Simple and accurate exchange energy for density functional theory},
	author={Chachiyo, Teepanis and Chachiyo, Hathaithip},
	journal={arXiv preprint arXiv:1706.01343},
	year={2017}
}