@inproceedings{Boriskina-P15,
  title={Enhancement and tunability of near-field radiative heat transfer mediated by surface plasmon polaritons in thin plasmonic films},
  author={Boriskina, Svetlana V and Tong, Jonathan K and Huang, Yi and Zhou, Jiawei and Chiloyan, Vazrik and Chen, Gang},
  booktitle={Photonics},
  volume={2},
  pages={659--683},
  year={2015},
  organization={Multidisciplinary Digital Publishing Institute}
}

@article{bystryi2014electronic,
	title={Electronic oscillations in ionized sodium nanoclusters},
	author={Bystryi, Roman G and Morozov, Igor V},
	journal={Journal of Physics B: Atomic, Molecular and Optical Physics},
	volume={48},
	number={1},
	pages={015401},
	year={2014},
	publisher={IOP Publishing}
}

@article{Winkel-CPP13,
	title={Spatially Resolved Electronic Correlations in Nanoclusters},
	author={Winkel, M and Gibbon, P},
	journal={Contrib.\ Plasma Phys.},
	volume={53},
	number={4-5},
	pages={254--262},
	year={2013},
	publisher={Wiley Online Library}
}

@article{MB-PRB15,
	author={Roman G Bystryi and Igor V Morozov},
	title={Electronic oscillations in ionized sodium nanoclusters},
	journal={J.\ Phys.\ B},
	volume={48},
	number={1},
	pages={015401},
	year={2015}
}

@article{RRRMS-CPP09,
	Author = {T. Raitza and H. Reinholz and G. R\"opke and I. Morozov and E. Suraud},
	Title = {Laser excited expanding small clusters: Single time distribution functions},
	Journal = {Contrib.\ Plasma Phys.},
	Volume = {49},
	Pages = {496-506},
	Year = {2009},
	Language = {english}
}

@article{RRRM-IJMPB08,
	Author = {Reinholz, H. and Raitza, T. and R{\"o}pke, G. and Morozov, I. V.},
	Title = {Optical and Transport Properties in Dense Plasmas Collision frequency from bulk to cluster},
	Journal = {Int.\ J.\ Mod.\ Phys.\ B},
	Volume = {22},
	Pages = {4627--4641},
	Year = {2008},
	Language = {english}
}

@article{RRRM-PRE11,
	Author = {Raitza, T. and R{\"o}pke, G. and Reinholz, H. and Morozov, I.},
	Title = {Spatially resolved dynamic structure factor of finite systems from molecular dynamics simulations},
	Journal = {Phys.\ Rev.\ E},
	Volume = {84},
	Pages = {036406},
	Year = {2011},
	Language = {english}
}

@article{Broda_CPP13,
	title={Size Dependence of Minimum Charge of Excited Nano-Plasmas},
	author={Reinholz, H. and Broda, I. A. M. and Raitza, T. and R{\"o}pke, G.},
	journal={Contrib.\ Plasma Phys.},
	volume={53},
	number={4-5},
	pages={263--269},
	year={2013},
	publisher={Wiley Online Library}
}
 
@article{MRRWZ-PRE05,
	Author = {Morozov, I. and Reinholz, H. and R{\"o}pke, G. and Wierling, A. and Zwicknagel, G.},
	Title = {Molecular dynamics simulations of optical conductivity of dense plasmas},
	Journal = {Phys.\ Rev.\ E},
	Volume = {71},
	Pages = {066408},
	Year = {2005},
	Language = {english}
}

@article{Raitza-NJP12,
	title={Spatially resolved collective excitations of nano-plasmas via molecular dynamics simulations and fluid dynamics},
	author={Raitza, Thomas and Reinholz, H and Reinhard, PG and R{\"o}pke, G and Broda, I},
	journal={New Journal of Physics},
	volume={14},
	number={11},
	pages={115016},
	year={2012},
	publisher={IOP Publishing}
}

@phdthesis{Winkel-PhD13,
	title={High-resolution simulations of strongly coupled coulomb systems with a parallel tree code},
	author={Winkel, Mathias},
	year={2013},
	publisher={Forschungszentrum J\"ulich}
}

@article{Serr-NPA83,
	title={Microscopic description of current distributions for collective excitations in spherical nuclei},
	author={Serr, FE and Dumitrescu, TS and Toru, Suzuki and Dasso, CH},
	journal={Nuclear Physics A},
	volume={404},
	number={2},
	pages={359--391},
	year={1983},
	publisher={Elsevier}
}

@article{Bonitz-NJP13,
	title={Crystal and fluid modes in three-dimensional finite dust clouds},
	author={Schella, Andr{\'e} and Mulsow, Matthias and Melzer, Andr{\'e} and K{\"a}hlert, Hanno and Block, Dietmar and Ludwig, Patrick and Bonitz, Michael},
	journal={New Journal of Physics},
	volume={15},
	number={11},
	pages={113021},
	year={2013},
	publisher={IOP Publishing}
}

@article{Bonitz-JPCS05,
	author={O Arp and D Block and M Bonitz and H Fehske and V Golubnychiy and S Kosse and P Ludwig and A Melzer and A Piel},
	title={3D Coulomb balls: experiment and simulation},
	journal={Journal of Physics: Conference Series},
	volume={11},
	number={1},
	pages={234},
	year={2005}
}

@article{RMRM-PRE04,
	title={Internal versus external conductivity of a dense plasma: Many-particle theory and simulations},
	author={Reinholz, H and Morozov, I and R{\"o}pke, G and Millat, Th},
	journal={Phys.\ Rev.\ E},
	volume={69},
	number={6},
	pages={066412},
	year={2004},
	publisher={APS}
}

@article{Selchow-PRE01,
	title={Dynamic structure factor for a two-component model plasma},
	author={Selchow, A and R{\"o}pke, G and Wierling, A and Reinholz, H and Pschiwul, T and Zwicknagel, G},
	journal={Physical Review E},
	volume={64},
	number={5},
	pages={056410},
	year={2001},
	publisher={APS}
}

@article{Fomichev-JPB99,
	author = {Fomichev, S V and Zaretsky, D F},
	journal = {J.\ Phys.\ B},
	number = {21},
	pages = {5083--5102},
	title = {Vlasov theory of Mie resonance broadening in metal clusters},
	volume = {32},
	year = {1999}
}

@article{NM-JETP05,
	Author = {I. V.  Morozov and G. E. Norman},
	Title = {Collisions and plasma waves in nonideal plasmas},
	Journal = {J.\ Exp.\ Theor.\ Phys.},
	Volume = {100},
	Number = {2},
	Pages = {370--384},
	Year = {2005},
	Language = {english}
}

@article{Ditmire_PRA99,
	title = {Femtosecond time-resolved studies of the dynamics of noble-gas cluster explosions},
	author = {Zweiback, J. and Ditmire, T. and Perry, M. D.},
	journal = {Phys. Rev. A},
	volume = {59},
	issue = {5},
	pages = {R3166--R3169},
	numpages = {0},
	year = {1999},
	month = {May},
	publisher = {American Physical Society},
	doi = {10.1103/PhysRevA.59.R3166}
}

@article{Doeppner-PRA06,
	title = {Ion and electron emission from silver nanoparticles in intense laser fields},
	author = {D\"oppner, T. and Fennel, Th. and Radcliffe, P. and Tiggesb\"aumker, J. and Meiwes-Broer, K.-H.},
	journal = {Phys. Rev. A},
	volume = {73},
	issue = {3},
	pages = {031202},
	numpages = {4},
	year = {2006},
	month = {Mar},
	doi = {10.1103/PhysRevA.73.031202},
	publisher = {American Physical Society}
}

@article{Fennel-PRL07,
	title = {Plasmon-Enhanced Electron Acceleration in Intense Laser Metal-Cluster Interactions},
	author = {Fennel, Th. and D\"oppner, T. and Passig, J. and Schaal, Ch. and Tiggesb\"aumker, J. and Meiwes-Broer, K.-H.},
	journal = {Phys. Rev. Lett.},
	volume = {98},
	issue = {14},
	pages = {143401},
	numpages = {4},
	year = {2007},
	month = {Apr},
	doi = {10.1103/PhysRevLett.98.143401},
	publisher = {American Physical Society}
}

@article{Fennel-PRL12,
	title = {Attosecond Plasma Wave Dynamics in Laser-Driven Cluster Nanoplasmas},
	author = {Varin, Charles and Peltz, Christian and Brabec, Thomas and Fennel, Thomas},
	journal = {Phys. Rev. Lett.},
	volume = {108},
	issue = {17},
	pages = {175007},
	numpages = {5},
	year = {2012},
	month = {Apr},
	publisher = {American Physical Society},
	doi = {10.1103/PhysRevLett.108.175007},
}


@article{Hickstein-PRL14,
	title={Observation and control of shock waves in individual nanoplasmas},
	author={Hickstein, Daniel D and Dollar, Franklin and Gaffney, Jim A and Foord, Mark E and Petrov, George M and Palm, Brett B and Keister, K Ellen and Ellis, Jennifer L and Ding, Chengyuan and Libby, Stephen B and others},
	journal={Phys. Rev. Lett.},
	volume={112},
	number={11},
	pages={115004},
	year={2014},
	publisher={APS}
}

@article{Reinholz_PRB06,
	author={Lora Ramunno and Christian Jungreuthmayer and Heidi Reinholz and Thomas Brabec},
	title={Probing attosecond kinetic physics in strongly coupled plasmas},
	journal={J. Phys. B: At. Mol},
	volume={39},
	number={23},
	pages={4923},
	year={2006},
}

@article{Gildenburg-PP2011,
	title={Resonances of surface and volume plasmons in atomic clusters},
	author={Gildenburg, V B and Kostin, V A and Pavlichenko, I A},
	journal={Phys. Plasmas},
	volume={18},
	pages={092101},
	year={2011}
}

@article{Hansen-PRA81,
	Author = {Hansen, J. P. and McDonald, I. R.},
	Title = {Microscopic simulation of a strongly coupled hydrogen plasma},
	Journal = {Phys.\ Rev.\ A.},
	Volume = {23},
	Pages = {2041-2059},
	Year = {1981},
	Language = {english}
}

@article{Klakow-JCP94,
	Author = {Klakow, D. and Toepffer, C. and Reinhard, P.-G.},
	Title = {Semiclassical molecular dynamics for strongly coupled Coulomb systems},
	Journal = {J. Chem.\ Phys.},
	Volume = {101},
	Pages = {10766-10774},
	Year = {1994},
	Language = {english}
}

@article{GMMV-PRE13,
	Author = {Grabowski, P. E. and Markmann, A. and Morozov, I. V. and Valuev, I. A. and Fichtl, C. A. and Richards, D. F. and Batista, V. S. and Graziani, F. R. and Murillo, M. S.},
	Title = {Wave packet spreading and localization in electron-nuclear scattering},
	Journal = {Phys.\ Rev.\ E},
	Volume = {87},
	Pages = {063104},
	Year = {2013},
	Language = {english}
}

@article{Filinov-PPCF01,
	title={Thermodynamics of hot dense H-plasmas: path integral Monte Carlo simulations and analytical approximations},
	author={Filinov, VS and Bonitz, M and Ebeling, W and Fortov, VE},
	journal={Plasma Physics and Controlled Fusion},
	volume={43},
	number={6},
	pages={743},
	year={2001},
	publisher={IOP Publishing}
}

@article{Filinov-PRE15,
	title={Fermionic path-integral Monte Carlo results for the uniform electron gas at finite temperature},
	author={Filinov, VS and Fortov, VE and Bonitz, M and Moldabekov, Zh},
	journal={Physical Review E},
	volume={91},
	number={3},
	pages={033108},
	year={2015},
	publisher={APS}
}

@article{MV-JPA09,
	Author = {I. V. Morozov and I. A. Valuev},
	Title = {Localization constraints in Gaussian wave packet molecular dynamics of nonideal plasmas},
	Journal = {J.\ Phys.\ A},
	Volume = {42},
	Pages = {214044},
	Year = {2009},
	Language = {english}
}

@article{Filinov-JPA03-Kelbg,
	title={Improved Kelbg potential for correlated Coulomb systems},
	author={Filinov, AV and Bonitz, M and Ebeling, W},
	journal={J.\ Phys.\ A},
	volume={36},
	number={22},
	pages={5957},
	year={2003},
	publisher={IOP Publishing}
}

@article{Deutsch_PLA77,
	title={Nodal expansion in a real matter plasma},
	author={Deutsch, C},
	journal={Physics letters A},
	volume={60},
	number={4},
	pages={317--318},
	year={1977},
	publisher={Elsevier}
}

@article{Zwicknagel-CPP03,
	title={Dynamic response of two-component model plasmas},
	author={Zwicknagel, G and Pschiwul, Th},
	journal={Contrib.\ Plasma Phys.},
	volume={43},
	number={5-6},
	pages={393--397},
	year={2003},
	publisher={Wiley Online Library}
}
